@ARTICLE{ref:LEE,
  author        = {Yongho Lee and Sunggook Oh},
  title         = {{Enhanced Control with a General Cascade Control Structure}},
  journal       = {Industrial \& Engineering Chemistry Research},
  year          = {2002},
  month         = {May},
  volume        = {41},
  number        = {11},
  pages         = {2679-2688}
}

@ARTICLE{ref:KUI,
  author        = {Kui-Jun Lee and Nam-ju Park and Rae-Young Kim and Dong-Hyun Ha and Dong-seok Hyun},
  title         = {{Design of an LCL filter employing a symmetric geometry and its control in grid-connected inverter applications}},
  journal       = {Power Electronics Specialists Conference},
  year          = {2008},
  month         = {June},
  pages         = {963-966}
}

@ARTICLE{ref:POH,
  author        = {Poh Chiang Loh and Donald Grahame Holmes},
  title         = {{Analysis of multiloop control strategies for LC/CL/LCL-filtered voltage-source and current-source inverters}},
  journal       = {IEEE Transactions on Industry Applications},
  year          = {2005},
  month         = {March/April},
  volume        = {41},
  number        = {2},
  pages         = {644-654}
}

@ARTICLE{ref:DANNEHL,
  author        = {Jörg Dannehl and Friedrich Wilhelm Fuchs and Steffan Hansen and Paul Bach Thørgersen},
  title         = {{Investigation of Active Damping Approaches for PI-Based Current Control of Grid-Connected Pulse Width Modulation Converters With LCL Filters}},
  journal       = {IEEE Transactions on Industry Applications},
  year          = {2010},
  month         = {July/August},
  volume        = {46},
  number        = {4},
  pages         = {1509-1517}
}

@ARTICLE{ref:WU,
  author        = {Eric Wu and Peter W. Lehn},
  title         = {{Digital Current Control of a Voltage Source Converter With Active Damping of LCL Resonance}},
  journal       = {IEEE Transactions on Power Electronics},
  year          = {2006},
  month         = {September},
  volume        = {21},
  number        = {5},
  pages         = {1364-1373}
}

@ARTICLE{ref:FUCHS,
  author        = {Jörg Dannehl and Friedrich Wilhelm Fuchs and Steffan Hansen},
  title         = {{PWM Rectifier with LCL-Filter using different Current Control Structures}},
  journal       = {European Conference on Power Electronics and Applications},
  year          = {2007},
  month         = {September},
  pages         = {1-10}
}

@ARTICLE{ref:WESSELS,
  author        = {Jörg Dannehl and Christian Wessels and Friedrich Wilhelm Fuchs},
  title         = {{Limitations of Voltage-Oriented PI Current Control of Grid-Connected PWM Rectifiers With \emph{LCL} Filters}},
  journal       = {IEEE Transactions on Industrial Electronics},
  year          = {2009},
  month         = {February},
  volume        = {56},
  number        = {2},
  pages         = {380-388}
}

@ARTICLE{ref:FORTESCUE,
  author        = {Charles LeGeyt Fortescue},
  title         = {{Method of Symmetrical Co-Ordinates Applied to the Solution of Polyphase Networks}},
  journal       = {Transactions of the American Institute of Electrical Engineers},
  year          = {1918},
  month         = {July},
  volume        = {37},
  number        = {2},
  pages         = {1027-1140}
}

@ARTICLE{ref:CLARKE,
  author        = {William C. Duesterhoeft and Max W. Schulz and Edith Clarke},
  title         = {{Determination of Instantaneous Currents and Voltages by Means of Alpha, Beta and Zero Components}},
  journal       = {Transactions of the American Institute of Electrical Engineers},
  year          = {1951},
  month         = {July},
  volume        = {70},
  number        = {2},
  pages         = {1248-1255}
}

@ARTICLE{ref:HOLMES,
  author        = {Erika Twining and Donald Grahame Holmes},
  title         = {{Grid Current Regulation of a Three-Phase Voltage Source Inverter With an LCL Input Filter}},
  journal       = {IEEE Transactions on Power Electronics},
  year          = {2003},
  month         = {May},
  volume        = {18},
  number        = {3},
  pages         = {888-895}
}

@ARTICLE{ref:NASER,
  author        = {Naser Abdel-Rahim and John E. Quaicoe},
  title         = {{A Single-Phase Voltage-Source Utility Interface System for Weak AC Network Applications}},
  journal       = {Applied Power Electronics Conference and Exposition},
  year          = {1994},
  month         = {February},
  volume        = {1},
  pages         = {93-99}
}

@ARTICLE{ref:CARDOSO,
  author        = {R. Cardoso and R. F. de Camargo and H. Pinheiro and H. A. Gründling},
  title         = {{Kalman Filter Based Synchronisation Methods}},
  journal       = {IET Generation, Transmission \& Distribution},
  year          = {2007},
  month         = {September}
}

@ARTICLE{ref:MAJUMDER,
  author        = {Ritwik Majumder and Balarko Chaudhuri and Arindam Ghosh and Rajat Majumder and Gerard Ledwich and Firuz Zare},
  title         = {{Improvement of Stability and Load Sharing in an Autonomous Microgrid Using Supplementary Droop Control Loop}},
  journal       = {IEEE Transactions on Power Systems},
  year          = {2010},
  month         = {May},
  volume        = {25},
  number        = {2},
  pages         = {796-808}
}

@ARTICLE{ref:LISERRE,
  author        = {Marco Liserre and Frede Blaabjerg and Steffan Hansen},
  title         = {{Design and Control of an \emph{LCL}-Filter-Based Three-Phase Active Rectifier}},
  journal       = {IEEE Transactions on Industry Applications},
  year          = {2005},
  month         = {September},
  volume        = {41},
  number        = {5},
  pages         = {1281-1291}
}

@ARTICLE{ref:BLAABJERG,
  author        = {Marco Liserre and Frede Blaabjerg and Remus Teodorescu},
  title         = {{Grid Impedance Estimation via Excitation of \emph{LCL}-Filter Resonance}},
  journal       = {IEEE Transactions on Industry Applications},
  year          = {2007},
  month         = {September/October},
  volume        = {43},
  number        = {5},
  pages         = {1401-1407}
}

@ARTICLE{ref:MORENO,
  author        = {Jaime Castelló Moreno and José M. Espí Huerta and Rafael García Gil and Sergio Alejandro González},
  title         = {{A Robust Predictive Current Control for Three-Phase Grid-Connected Inverters}},
  journal       = {IEEE Transactions on Industrial Electronics},
  year          = {2009},
  month         = {June},
  volume        = {56},
  number        = {6},
  pages         = {1993-2004}
}

@ARTICLE{ref:YANG,
  author        = {Shuitao Yang and Qin Lei and Fang Z. Peng and Zhaoming Qian},
  title         = {{A Robust Control Scheme for Grid-Connected Voltage-Source Inverters}},
  journal       = {IEEE Transactions on Industrial Electronics},
  year          = {2011},
  month         = {January},
  volume        = {58},
  number        = {1},
  pages         = {202-212}
}

@ARTICLE{ref:MANSOOR,
  author        = {A. Mansoor and W. M. Grady and P. T. Staats and R. S. Thallam and M. T. Doyle and M. J. Samotyj},
  title         = {{Predicting the Net Harmonic Currents Produced by Large Number of Distributed Single-Phase Computer Loads}},
  journal       = {IEEE Transactions on Power Delivery},
  year          = {1995},
  month         = {October},
  volume        = {10},
  number        = {4},
  pages         = {2001-2006}
}

@ARTICLE{ref:SASAKI,
  author        = {H. Sasaki and T. Machida},
  title         = {{A New Method to Eliminate AC Harmonic Currents by Magnetic Flux Compensation - Considerations on Basic Design}},
  journal       = {IEEE Transactions on Power Apparatus and Systems},
  year          = {1971},
  month         = {September},
  volume        = {PAS-90},
  number        = {5},
  pages         = {2009-2019}
}

@ARTICLE{ref:TEODORESCU,
  author        = {Remus Teodorescu and Frede Blaabjerg and U. Borup and Marco Liserre},
  title         = {{A New Control Structure for Grid-Connected LCL PV Inverters with Zero Steady-State Error and Selective
  Harmonic Compensation}},
  journal       = {Applied Power Electronics Conference and Exposition},
  year          = {2004},
  volume        = {1},
  pages         = {580-586}
}

@ARTICLE{ref:TANG,
  author        = {Yi Tang and Poh Chiang Loh and Peng Wang and Fook Hoong Choo and Feng Gao and Frede Blaabjerg},
  title         = {{Generalized Design of High Performance Shunt Active Power Filter With Output LCL Filter}},
  journal       = {IEEE Transactions on Industrial Electronics},
  year          = {2012},
  month         = {March},
  volume        = {59},
  number        = {3},
  pages         = {1443-1452}
}

@ARTICLE{ref:SHEN,
  author        = {Guoqiao Shen and Xuancai Zhu and Jun Zhang and Dehong Xu},
  title         = {{A New Feedback Method for PR Current Control of LCL-Filter-Based Grid-Connected Inverter}},
  journal       = {IEEE Transactions on Industrial Electronics},
  year          = {2010},
  month         = {June},
  volume        = {57},
  number        = {6},
  pages         = {2033-2041}
}

@ARTICLE{ref:XU,
  author        = {Guoqiao Shen and Dehong Xu and Luping Cao and Xuancai Zhu},
  title         = {{An Improved Control Strategy for Grid-Connected Voltage Source Inverters With an LCL Filter}},
  journal       = {IEEE Transactions on Power Electronics},
  year          = {2008},
  month         = {July},
  volume        = {23},
  number        = {4},
  pages         = {1899-1906}
}

@ARTICLE{ref:LINDGREN,
  author        = {Michael Lindgren and Jan Svensson},
  title         = {{Control of a Voltage-source Converter Connected to the Grid through an LCL-filter - 
  Application to Active Filtering}},
  journal       = {Power Electronics Specialists Conference},
  year          = {1998},
  month         = {May},
  volume        = {1},
  pages         = {229-235}
}

@ARTICLE{ref:KARSHENAS,
  author        = {H. R. Karshenas and H. Saghafi},
  title         = {{Performance Investigation of LCL Filters in Grid Connected Converters}},
  journal       = {IEEE PES Transmission and Distribution Conference and Exposition Latin America},
  year          = {2006},
  month         = {March},
  pages         = {1-6}
}

@ARTICLE{ref:AHMED,
  author        = {K. H. Ahmed and S. J. Finney and B. W. Williams},
  title         = {{Passive Filter Design for Three-Phase Inverter Interfacing in Distributed Generation}},
  journal       = {Compatibility in Power Electronics},
  year          = {2007},
  month         = {June},
  pages         = {1-9}
}

@ARTICLE{ref:AREERAK,
  author        = {P. Santiprapan and K-L. Areerak and K-N Areerak},
  title         = {{Mathematical Model and Control Strategy on DQ Frame for Shunt Active Power Filters}},
  journal       = {World Academy of Science, Engineering and Technology},
  year          = {2011},
  pages         = {353-361}
}

@ARTICLE{ref:NISHIDA,
  author        = {K. Nishida and T. Ahmed and M. Nakaoka},
  title         = {{Deadbeat Current Control for AC and DC Power Applications of a Stand-Alone Induction Generator System}},
  journal       = {Power Electronics and Drives Systems},
  year          = {2005},
  volume        = {1},
  pages         = {480-485}
}

@ARTICLE{ref:MALESANI,
  author        = {Luigi Malesani and Paolo Mattavelli and Simone Buso},
  title         = {{Robust Dead-Beat Current Control for PWM Rectifiers and Active Filters}},
  journal       = {IEEE Transactions on Industry Applications},
  year          = {1999},
  month         = {May/June},
  volume        = {35},
  number        = {3},
  pages         = {613-620}
}

@ARTICLE{ref:TENTI,
  author        = {Luigi Malesani and Paolo Tenti and Elena Gaio and Roberto Piovan},
  title         = {{Improved Current Control Technique of VSI PWM Inverters with Constant Modulation Frequency and Extended Voltage Range}},
  journal       = {IEEE Transactions on Industry Applications},
  year          = {1991},
  month         = {March/April},
  volume        = {27},
  number        = {2},
  pages         = {365-369}
}

@ARTICLE{ref:YAO,
  author        = {Qunying Yao and Donald Grahame Holmes},
  title         = {{A Simple, Novel Method for Variable-Hysteresis-Band Current Control of a Three Phase Inverter with Constant Switching Frequency}},
  journal       = {Industry Applications Society Annual Meeting},
  year          = {1993},
  month         = {October},
  pages         = {1122-1129}
}

@ARTICLE{ref:KRISHNA,
  author        = {Peruvemba R. Krishnaswamy and Gade P. Rangaiah and Radha K. Jha and Pradeep B. Deshpande},
  title         = {{When To Use Cascade Control}},
  journal       = {Industrial \& Engineering Chemistry Research},
  year          = {1990},
  month         = {October},
  volume        = {29},
  number        = {10},
  pages         = {2163-2166}
}

@ARTICLE{ref:GEROMEL,
  author        = {José C. Geromel},
  title         = {{Optimal Linear Filtering Under Parameter Uncertainty}},
  journal       = {IEEE Transactions on Signal Processing},
  year          = {1999},
  month         = {January},
  volume        = {47},
  number        = {1},
  pages         = {168-175}
}

@ARTICLE{ref:KAZMIERKOWSKI,
  author        = {Marian P. Kazmierkowski and Luigi Malesani},
  title         = {{Current Control Techniques for Three-Phase Voltage-Source PWM Converters: A Survey}},
  journal       = {IEEE Transactions on Industrial Electronics},
  year          = {1998},
  month         = {October},
  volume        = {45},
  number        = {5},
  pages         = {691-703}
}

@ARTICLE{ref:GABE,
  author        = {Ivan Jorge Gabe and Vinícius Foletto Montagner and Humberto Pinheiro},
  title         = {{Design and Implementation of a Robust Current Controller for VSI Connected to the Grid Through an \emph{LCL} Filter}},
  journal       = {IEEE Transactions on Power Electronics},
  year          = {2009},
  month         = {June},
  volume        = {24},
  number        = {6},
  pages         = {1444-1452}
}

@ARTICLE{ref:MASSING,
  author        = {Ivan Jorge Gabe and Jorge Rodrigo Massing and Vinícius Foletto Montagner and Humberto Pinheiro},
  title         = {{Stability Analysis of Grid-Connected Voltage Source Inverters with \emph{LCL}-Filters using Partial State Feedback}},
  journal       = {European Conference on Power Electronics and Applications},
  year          = {2007},
  month         = {September},
  pages         = {1-10}
}

@ARTICLE{ref:LOH,
  author        = {Remus Teodorescu and Frede Blaabjerg and Marco Liserre and P. C. Loh},
  title         = {{Proportional-resonant controllers and filters for grid-connected voltage-source converters}},
  journal       = {IEE Proceedings - Electric Power Applications},
  year          = {2006},
  month         = {September},
  volume        = {153},
  number        = {5},
  pages         = {750-762}
}

@ARTICLE{ref:PARKER,
  author        = {S. G. Parker and B. P. McGrath and D. G. Holmes},
  title         = {{Regions of Active Damping Control for LCL Filters}},
  journal       = {IEEE Transactions on Industry Applications},
  year          = {2014},
  month         = {January},
  volume        = {50},
  number        = {1},
  pages         = {424-432},
  doi           = {10.1109/TIA.2013.2266892},
  ISSN          = {0093-9994},
}

@INPROCEEDINGS{ref:IECON_2013,
  author    = {Durgante, M. H. and Plotzki, H. F. B.  and Stefanello, M.},
  booktitle = {Industrial Electronics Society, IECON 2013 - 39th Annual Conference of the IEEE},
  title     = {Combined Active Damping with Adaptive Current Control for Converters with LCL Filters},
  year      = {2013},
  month     = {Nov},
  pages     = {520-525},
  keywords  = {PWM power convertors;damping;electric current control;model reference adaptive control systems;proportional control;LCL filters;adaptive current control;combined active damping;grid side current control technique;inner loop;model reference adaptive controller;multiloop control strategy;outer loop;parametric uncertainties;proportional controller;pulse width modulated converters;Capacitors;Damping;Integrated circuit modeling;Robustness;Transfer functions;Uncertainty;Current control;LCL filter;multi-loop control;robust adaptive control},
  doi       = {10.1109/IECON.2013.6699189},
  ISSN      = {1553-572X}
}

@INPROCEEDINGS{ref:IECON_2012,
  author={Durgante, M. H. and Stefanello, M.},
  booktitle={IECON 2012 - 38th Annual Conference on IEEE Industrial Electronics Society},
  title={Multi loop deadbeat+repetitive and adaptive control for power converters with LCL filters},
  year={2012},
  month={Oct},
  pages={5955-5960},
  keywords={PWM power convertors;adaptive control;electric current control;feedforward;power convertors;power grids;LCL filters;MRAC;adaptive control;adaptive feedforward cancelation;capacitor voltage;cascaded systems;current control technique;filter capacitor;grid side current;model reference adaptive control;multiloop controller;multiloop deadbeat+repetitive control;point of common coupling;power converters;pulse-width modulation converters;repetitive control;Robustness},
  doi={10.1109/IECON.2012.6389108},
  ISSN={1553-572X}
}

@INPROCEEDINGS{ref:DATTA,
  author        = {Silva, G. J. and Datta, A.},
  title         = {{Adaptive Internal Model Control: The Discrete-Time Case}},
  journal       = {American Control Conference},
  year          = {1999},
  volume        = {1},
  pages         = {547-555}
}

@INPROCEEDINGS{ref:GERVASIO,
  author        = {Gervasio, F.A. and Mastromauro, R.A. and Ricchiuto, D. and Liserre, M.},
  booktitle     = {Industrial Electronics Society, IECON 2013 - 39th Annual Conference of the IEEE},
  title         = {Dynamic analysis of active damping methods for LCL-filter-based grid converters},
  year          = {2013},
  month         = {Nov},
  pages         = {671-676},
  keywords      = {power convertors;power harmonic filters;power system stability;
    LCL filter based grid converters;active damping method;dynamic analysis;grid converter stability;
    Active filters;Current control;Damping;Inverters;Power harmonic filters;Resistors;
    Resonant frequency;LCL-filter;active damping methods;dynamic analysis},
  doi           = {10.1109/IECON.2013.6699215},
  ISSN          = {1553-572X},
}

@INPROCEEDINGS{ref:ASTROM,
  author        = {ÅstrÖm, K.J. and Hagander, P. and Sternby, J.},
  booktitle     = {Decision and Control including the Symposium on Adaptive Processes,
    1980 19th IEEE Conference on},
  title         = {Zeros of Sampled Systems},
  year          = {1980},
  month         = {Dec},
  volume        = {19},
  pages         = {1077-1081},
  keywords      = {Adaptive algorithm;Circuits;Clocks;Continuous time systems;
    Control systems;Equations;Poles and zeros;Sampling methods;Synchronization;
    Transfer functions},
  doi           = {10.1109/CDC.1980.271968},
}

@MASTERSTHESIS{ref:RIBEIRO,
  author    = {Enio Roberto Ribeiro},
  title     = {{Filtros Ativos Série Para a Compensação de Harmônicas de Tensão}},
  school    = {Universidade Federal de Santa Catarina},
  year      = {2003}
}

@PHDTHESIS{ref:STEFANELLO,
  author    = {Márcio Stefanello},
  title     = {{Controle Adaptativo Robusto de Estrutura Variável por Modelo de Referência Aplicado
    a Filtros Ativos de Potência}},
  school    = {Universidade Federal de Santa Maria},
  year      = {2010}
}

@PHDTHESIS{ref:JORGE,
  author    = {Jorge Rodrigo Massing},
  title     = {{Controle Adaptativo de Corrente Aplicado a Conversores Estáticos Conectados à
    Rede Elétrica}},
  school    = {Universidade Federal de Santa Maria},
  year      = {2013}
}

@PHDTHESIS{ref:KIMBALL,
  author    = {Jonathan W. Kimball},
  title     = {{Digital Control Techniques for Switching Power Converters}},
  school    = {University of Illinois at Urbana-Champaign},
  year      = {2008}
}

@BOOK{ref:SMITH,
  author    = {Carlos A. Smith and Armando Corripio},
  title     = {{Princípios e Prática do Controle Automático de Processo}},
  publisher = {LTC},
  year      = {2008},
  address   = {Rio de Janeiro},
  edition   = {third}
}

@BOOK{ref:OGATA,
  author    = {Katsuhiko Ogata},
  title     = {{Discrete-Time Control Systems}},
  publisher = {Prentice-Hall},
  year      = {1995},
  address   = {Rio de Janeiro},
  edition   = {second}
}

@BOOK{ref:TAO,
  author    = {Gang Tao},
  title     = {{Adaptive Control Design and Analysis}},
  publisher = {Wiley-IEEE Press},
  year      = {2003}
}

@BOOK{ref:IOANNOU,
  author    = {Tsakalis, K.S. and Ioannou, P.A.},
  title     = {{Linear time-varying systems: control and adaptation}},
  publisher = {Prentice Hall},
  isbn      = {9780130129239},
  year      = {1993}
}
