@ARTICLE{ref:LEE,
  author        = {Yongho Lee and Sunggook Oh},
  title         = {{Enhanced Control with a General Cascade Control Structure}},
  journal       = {Industrial \& Engineering Chemistry Research},
  year          = {2002},
  month         = {May},
  volume        = {41},
  number        = {11},
  pages         = {2679-2688}
}

@ARTICLE{ref:HOLMES,
  author        = {Erika Twining and Donald Grahame Holmes},
  title         = {{Grid Current Regulation of a Three-Phase Voltage Source Inverter With an LCL Input Filter}},
  journal       = {IEEE Transactions on Power Electronics},
  year          = {2003},
  month         = {May},
  volume        = {18},
  number        = {3},
  pages         = {888-895}
}

@ARTICLE{ref:NASER,
  author        = {Naser Abdel-Rahim and John E. Quaicoe},
  title         = {{A Single-Phase Voltage-Source Utility Interface System for Weak AC Network Applications}},
  journal       = {Applied Power Electronics Conference and Exposition},
  year          = {1994},
  month         = {February},
  volume        = {1},
  pages         = {93-99}
}

@ARTICLE{ref:CARDOSO,
  author        = {R. Cardoso and R. F. de Camargo and H. Pinheiro and H. A. Gründling},
  title         = {{Kalman Filter Based Synchronisation Methods}},
  journal       = {IET Generation, Transmission \& Distribution},
  year          = {2007},
  month         = {September}
}

@ARTICLE{ref:MAJUMDER,
  author        = {Ritwik Majumder and Balarko Chaudhuri and Arindam Ghosh and Rajat Majumder and Gerard Ledwich and Firuz Zare},
  title         = {{Improvement of Stability and Load Sharing in an Autonomous Microgrid Using Supplementary Droop Control Loop}},
  journal       = {IEEE Transactions on Power Systems},
  year          = {2010},
  month         = {May},
  volume        = {25},
  number        = {2},
  pages         = {796-808}
}

@ARTICLE{ref:LISERRE,
  author        = {Marco Liserre and Frede Blaabjerg and Steffan Hansen},
  title         = {{Design and Control of an \emph{LCL}-Filter-Based Three-Phase Active Rectifier}},
  journal       = {IEEE Transactions on Industry Applications},
  year          = {2005},
  month         = {September},
  volume        = {41},
  number        = {5},
  pages         = {1281-1291}
}

@ARTICLE{ref:TEODORESCU,
  author        = {R. Teodorescu and F. Blaabjerg and U. Borup and M. Liserre},
  title         = {{A New Control Structure for Grid-Connected LCL PV Inverters with Zero Steady-State Error and Selective
  Harmonic Compensation}},
  journal       = {Applied Power Electronics Conference and Exposition},
  year          = {2004},
  volume        = {1},
  pages         = {580-586}
}

@ARTICLE{ref:TANG,
  author        = {Yi Tang and Poh Chiang Loh and Peng Wang and Fook Hoong Choo and Feng Gao and Frede Blaabjerg},
  title         = {{Generalized Design of High Performance Shunt Active Power Filter With Output LCL Filter}},
  journal       = {IEEE Transactions on Industrial Electronics},
  year          = {2012},
  month         = {March},
  volume        = {59},
  number        = {3},
  pages         = {1443-1452}
}

@ARTICLE{ref:SHEN,
  author        = {Guoqiao Shen and Xuancai Zhu and Jun Zhang and Dehong Xu},
  title         = {{A New Feedback Method for PR Current Control of LCL-Filter-Based Grid-Connected Inverter}},
  journal       = {IEEE Transactions on Industrial Electronics},
  year          = {2010},
  month         = {June},
  volume        = {57},
  number        = {6},
  pages         = {2033-2041}
}

@ARTICLE{ref:XU,
  author        = {Guoqiao Shen and Dehong Xu and Luping Cao and Xuancai Zhu},
  title         = {{An Improved Control Strategy for Grid-Connected Voltage Source Inverters With an LCL Filter}},
  journal       = {IEEE Transactions on Power Electronics},
  year          = {2008},
  month         = {July},
  volume        = {23},
  number        = {4},
  pages         = {1899-1906}
}

@ARTICLE{ref:LINDGREN,
  author        = {Michael Lindgren and Jan Svensson},
  title         = {{Control of a Voltage-source Converter Connected to the Grid through an LCL-filter - 
  Application to Active Filtering}},
  journal       = {Power Electronics Specialists Conference},
  year          = {1998},
  month         = {May},
  volume        = {1},
  pages         = {229-235}
}

@ARTICLE{ref:KARSHENAS,
  author        = {H. R. Karshenas and H. Saghafi},
  title         = {{Performance Investigation of LCL Filters in Grid Connected Converters}},
  journal       = {IEEE PES Transmission and Distribution Conference and Exposition Latin America},
  year          = {2006},
  month         = {March},
  pages         = {1-6}
}

@ARTICLE{ref:AHMED,
  author        = {K. H. Ahmed and S. J. Finney and B. W. Williams},
  title         = {{Passive Filter Design for Three-Phase Inverter Interfacing in Distributed Generation}},
  journal       = {Compatibility in Power Electronics},
  year          = {2007},
  month         = {June},
  pages         = {1-9}
}

@ARTICLE{ref:AREERAK,
  author        = {P. Santiprapan and K-L. Areerak and K-N Areerak},
  title         = {{Mathematical Model and Control Strategy on DQ Frame for Shunt Active Power Filters}},
  journal       = {World Academy of Science, Engineering and Technology},
  year          = {2011},
  pages         = {353-361}
}

@ARTICLE{ref:NISHIDA,
  author        = {K. Nishida and T. Ahmed and M. Nakaoka},
  title         = {{Deadbeat Current Control for AC and DC Power Applications of a Stand-Alone Induction Generator System}},
  journal       = {Power Electronics and Drives Systems},
  year          = {2005},
  volume        = {1},
  pages         = {480-485}
}

@ARTICLE{ref:MALESANI,
  author        = {Luigi Malesani and Paolo Mattavelli and Simone Buso},
  title         = {{Robust Dead-Beat Current Control for PWM Rectifiers and Active Filters}},
  journal       = {IEEE Transactions on Industry Applications},
  year          = {1999},
  month         = {May/June},
  volume        = {35},
  number        = {3},
  pages         = {613-620}
}

@ARTICLE{ref:TENTI,
  author        = {Luigi Malesani and Paolo Tenti and Elena Gaio and Roberto Piovan},
  title         = {{Improved Current Control Technique of VSI PWM Inverters with Constant Modulation Frequency and Extended Voltage Range}},
  journal       = {IEEE Transactions on Industry Applications},
  year          = {1991},
  month         = {March/April},
  volume        = {27},
  number        = {2},
  pages         = {365-369}
}

@ARTICLE{ref:YAO,
  author        = {Qunying Yao and Donald Grahame Holmes},
  title         = {{A Simple, Novel Method for Variable-Hysteresis-Base Current Control of a Three Phase Inverter with Constant Switching Frequency}},
  journal       = {Industry Applications Society Annual Meeting},
  year          = {1993},
  month         = {October},
  pages         = {1122-1129}
}

@ARTICLE{ref:KRISHNA,
  author        = {Peruvemba R. Krishnaswamy and Gade P. Rangaiah and Radha K. Jha and Pradeep B. Deshpande},
  title         = {{When To Use Cascade Control}},
  journal       = {Industrial \& Engineering Chemistry Research},
  year          = {1990},
  month         = {October},
  volume        = {29},
  number        = {10},
  pages         = {2163-2166}
}

@ARTICLE{ref:GEROMEL,
  author        = {José C. Geromel},
  title         = {{Optimal Linear Filtering Under Parameter Uncertainty}},
  journal       = {IEEE Transactions on Signal Processing},
  year          = {1999},
  month         = {January},
  volume        = {47},
  number        = {1},
  pages         = {168-175}
}

@ARTICLE{ref:KAZMIERKOWSKI,
  author        = {Marian P. Kazmierkowski and Luigi Malesani},
  title         = {{Current Control Techniques for Three-Phase Voltage-Source PWM Converters: A Survey}},
  journal       = {IEEE Transactions on Industrial Electronics},
  year          = {1998},
  month         = {October},
  volume        = {45},
  number        = {5},
  pages         = {691-703}
}

@ARTICLE{ref:GABE,
  author        = {Ivan Jorge Gabe and Vinícius Foletto Montagner and Humberto Pinheiro},
  title         = {{Design and Implementation of a Robust Current Controller for VSI Connected to the Grid Through an \emph{LCL} Filter}},
  journal       = {IEEE Transactions on Power Electronics},
  year          = {2009},
  month         = {June},
  volume        = {24},
  number        = {6},
  pages         = {1444-1452}
}

@ARTICLE{ref:LOH,
  author        = {R. Teodorescu and F. Blaabjerg and M. Liserre and P. C. Loh},
  title         = {{Proportional-resonant controllers and filters for grid-connected voltage-source converters}},
  journal       = {IEE Proceedings - Electric Power Applications},
  year          = {2006},
  month         = {September},
  volume        = {153},
  number        = {5},
  pages         = {750-762}
}

@ARTICLE{ref:PARKER,
  author        = {S. G. Parker and B. P. McGrath and D. G. Holmes},
  title         = {{Regions of Active Damping Control for LCL Filters}},
  journal       = {Energy Conversion Congress and Exposition (ECCE)},
  year          = {2012},
  month         = {September},
  pages         = {53-60}
}

@MASTERSTHESIS{ref:RIBEIRO,
  author    = {Enio Roberto Ribeiro},
  title     = {{Filtros Ativos Série Para a Compensação de Harmônicas de Tensão}},
  school    = {Universidade Federal de Santa Catarina},
  year      = {2003}
}

@PHDTHESIS{ref:KIMBALL,
  author    = {Jonathan W. Kimball},
  title     = {{Digital Control Techniques for Switching Power Converters}},
  school    = {University of Illinois at Urbana-Champaign},
  year      = {2008}
}

@BOOK{ref:SMITH,
  author    = {Carlos A. Smith and Armando Corripio},
  title     = {{Princípios e Prática do Controle Automático de Processo}},
  publisher = {LTC},
  year      = {2008},
  address   = {Rio de Janeiro},
  edition   = {third}
}

@BOOK{ref:TAO,
  author    = {Gang Tao},
  title     = {{Adaptative Control Design and Analysis}},
  publisher = {Wiley-IEEE Press},
  year      = {2003}
}
